@article {Ste13,
    AUTHOR = {Stella, Salvatore},
     TITLE = {Polyhedral models for generalized associahedra via {C}oxeter
              elements},
   JOURNAL = {J. Algebraic Combin.},
  FJOURNAL = {Journal of Algebraic Combinatorics. An International Journal},
    VOLUME = {38},
      YEAR = {2013},
    NUMBER = {1},
     PAGES = {121--158},
      ISSN = {0925-9899},
   MRCLASS = {13F60 (05E15 52B15)},
  MRNUMBER = {3070123},
MRREVIEWER = {Li Li},
       DOI = {10.1007/s10801-012-0396-7},
       URL = {http://dx.doi.org/10.1007/s10801-012-0396-7},
}
